@inproceedings{kraska2018case,
  title={The case for learned index structures},
  author={Kraska, Tim et al.},
  booktitle={Proceedings of the 2018 international conference on management of data},
  pages={489--504},
  year={2018},
url ={https://arxiv.org/abs/1712.01208},
}
@online{osm_aws,
    title = {OpenStreetMap on AWS},
    organization = {Amazon AWS},
    year = {n. d.},
    url = {https://registry.opendata.aws/osm/},
}
@inproceedings{cooper2010benchmarking,
  author    = {Brian F. Cooper and Adam Silberstein and Erwin Tam and Raghu Ramakrishnan and Russell Sears},
  title     = {Benchmarking Cloud Serving Systems with {YCSB}},
  booktitle = {Proceedings of the 1st ACM Symposium on Cloud Computing (SoCC '10)},
  year      = {2010},
  pages     = {143--154},
  publisher = {ACM},
  address   = {New York, NY, USA},
  doi       = {10.1145/1807128.1807152},
  url       = {https://doi.org/10.1145/1807128.1807152}
}


@online{stx_btree,
    author = {Timo Bingmann},
    title = {STX B+ Tree},
    year = {n. d.},
    url = {https://panthema.net/2007/stx-btree/},
}

@online{alex_repo,
    title = {{ALEX GitHub Repository}},
    author = {{Microsoft}},
    year = {n. d.},
    url = {https://github.com/microsoft/ALEX/tree/master},
    note = {[Online; accessed \today]},
}

@inproceedings{ding2020alex,
  title={ALEX: an updatable adaptive learned index},
  author={Ding, Jialin and Minhas, Umar Farooq and Yu, Jia and Wang, Chi and Do, Jaeyoung and Li, Yinan and Zhang, Hantian and Chandramouli, Badrish and Gehrke, Johannes and Kossmann, Donald and others},
  booktitle={Proceedings of the 2020 ACM SIGMOD International Conference on Management of Data},
  pages={969--984},
  year={2020},
url ={https://arxiv.org/abs/1905.08898}
}